<collection xmlns="http://www.loc.gov/MARC21/slim">
<record>
  <leader>02702nam0a2200493 i 450 </leader>
  <controlfield tag="001">IT\ICCU\CNCE\028859</controlfield>
  <controlfield tag="005">20111028000000.0</controlfield>
  <datafield tag="012" ind1=" " ind2=" ">
    <subfield code="a">a-o- **** *-*. **** (3) 1598 (R)</subfield>
    <subfield code="2">fei</subfield>
  </datafield>
  <datafield tag="100" ind1=" " ind2=" ">
    <subfield code="a">19971114d1598        0itac0103    ba</subfield>
  </datafield>
  <datafield tag="101" ind1=" " ind2=" ">
    <subfield code="a">GRC</subfield>
    <subfield code="a">LAT</subfield>
  </datafield>
  <datafield tag="102" ind1=" " ind2=" ">
    <subfield code="a">IT</subfield>
  </datafield>
  <datafield tag="200" ind1="1" ind2=" ">
    <subfield code="a">℗Longou ℗Poimenikon, ton kata Daphnin kai Chloen biblia tettara. Longi Pastoralium, de Dafnide &amp; Chlo.͡ Libri quatuor. Ex bibliotheca Aloisij Alamannij</subfield>
  </datafield>
  <datafield tag="210" ind1=" " ind2=" ">
    <subfield code="a">Florentiae</subfield>
    <subfield code="c">apud Philippum Iunctam</subfield>
    <subfield code="d">1598</subfield>
    <subfield code="e">Florentiae</subfield>
    <subfield code="g">apud Philippum Iunctam</subfield>
    <subfield code="h">1598</subfield>
  </datafield>
  <datafield tag="215" ind1=" " ind2=" ">
    <subfield code="a">\8!, 97, \3! p.</subfield>
    <subfield code="d">4ʻ</subfield>
  </datafield>
  <datafield tag="517" ind1="1" ind2=" ">
    <subfield code="3">IT\ICCU\CNCE\063931</subfield>
    <subfield code="a">Longi Pastoralium, de Daphnide &amp; ChloHe</subfield>
  </datafield>
  <datafield tag="620" ind1=" " ind2=" ">
    <subfield code="a">IT</subfield>
    <subfield code="d">Firenze</subfield>
  </datafield>
  <datafield tag="700" ind1=" " ind2="0">
    <subfield code="a">Longus</subfield>
    <subfield code="3">IT\ICCU\CNCA\008662</subfield>
  </datafield>
  <datafield tag="712" ind1="0" ind2="0">
    <subfield code="a">Giunta, Filippo</subfield>
    <subfield code="c"> &lt;2.&gt;</subfield>
    <subfield code="3">IT\ICCU\CNCT\000109</subfield>
    <subfield code="4">650</subfield>
  </datafield>
  <datafield tag="790" ind1=" " ind2="0">
    <subfield code="a">Longus</subfield>
    <subfield code="c"> : Sophista</subfield>
    <subfield code="3">IT\ICCU\CNCA\020866</subfield>
    <subfield code="z">Longus</subfield>
  </datafield>
  <datafield tag="790" ind1=" " ind2="0">
    <subfield code="a">Longos</subfield>
    <subfield code="3">IT\ICCU\CNCA\020867</subfield>
    <subfield code="z">Longus</subfield>
  </datafield>
  <datafield tag="791" ind1="0" ind2="0">
    <subfield code="a">Iunta, Philippus</subfield>
    <subfield code="c"> &lt;2.&gt;</subfield>
    <subfield code="3">IT\ICCU\CNCT\003889</subfield>
    <subfield code="z">Giunta, Filippo &lt;2.&gt;</subfield>
  </datafield>
  <datafield tag="791" ind1="0" ind2="0">
    <subfield code="a">Iuncta, Philippus</subfield>
    <subfield code="c"> &lt;2.&gt;</subfield>
    <subfield code="3">IT\ICCU\CNCT\003890</subfield>
    <subfield code="z">Giunta, Filippo &lt;2.&gt;</subfield>
  </datafield>
  <datafield tag="791" ind1="0" ind2="0">
    <subfield code="a">Giunti, Filippo</subfield>
    <subfield code="c"> &lt;2&gt;</subfield>
    <subfield code="3">IT\ICCU\CNCT\004916</subfield>
    <subfield code="z">Giunta, Filippo &lt;2.&gt;</subfield>
  </datafield>
  <datafield tag="791" ind1="0" ind2="0">
    <subfield code="a">Gionti, Filippo</subfield>
    <subfield code="3">IT\ICCU\CNCT\004918</subfield>
    <subfield code="z">Giunta, Filippo &lt;2.&gt;</subfield>
  </datafield>
  <datafield tag="801" ind1=" " ind2="3">
    <subfield code="a">IT</subfield>
    <subfield code="b">ICCU</subfield>
    <subfield code="c">20201114</subfield>
  </datafield>
  <datafield tag="899" ind1=" " ind2=" ">
    <subfield code="a">Biblioteca citt ̉di Arezzo. Arezzo</subfield>
    <subfield code="1">AR0070</subfield>
    <subfield code="2">RT1 QA</subfield>
  </datafield>
  <datafield tag="899" ind1=" " ind2=" ">
    <subfield code="a">Biblioteca Apostolica Vaticana. Citt ̉del Vaticano</subfield>
    <subfield code="1">EX0001</subfield>
    <subfield code="2">ZCV 01</subfield>
  </datafield>
  <datafield tag="899" ind1=" " ind2=" ">
    <subfield code="a">Biblioteca Riccardiana. Firenze</subfield>
    <subfield code="1">FI0094</subfield>
    <subfield code="2">CFI RF</subfield>
  </datafield>
  <datafield tag="899" ind1=" " ind2=" ">
    <subfield code="a">Biblioteca nazionale centrale. Firenze</subfield>
    <subfield code="1">FI0098</subfield>
    <subfield code="2">CFI CF</subfield>
  </datafield>
  <datafield tag="899" ind1=" " ind2=" ">
    <subfield code="a">Biblioteca Medicea Laurenziana. Firenze</subfield>
    <subfield code="1">FI0100</subfield>
    <subfield code="2">CFI ML</subfield>
  </datafield>
  <datafield tag="899" ind1=" " ind2=" ">
    <subfield code="a">Biblioteca Marucelliana. Firenze</subfield>
    <subfield code="1">FI0101</subfield>
    <subfield code="2">CFI MF</subfield>
  </datafield>
  <datafield tag="899" ind1=" " ind2=" ">
    <subfield code="a">Biblioteca statale. Lucca</subfield>
    <subfield code="1">LU0022</subfield>
    <subfield code="2">LUA BL</subfield>
  </datafield>
  <datafield tag="899" ind1=" " ind2=" ">
    <subfield code="a">Biblioteca nazionale Braidense. Milano</subfield>
    <subfield code="1">MI0185</subfield>
    <subfield code="2">MIL NB</subfield>
  </datafield>
  <datafield tag="899" ind1=" " ind2=" ">
    <subfield code="a">Archivio storico civico e Biblioteca Trivulziana. Milano</subfield>
    <subfield code="1">MI0327</subfield>
    <subfield code="2">LO1 13</subfield>
  </datafield>
  <datafield tag="899" ind1=" " ind2=" ">
    <subfield code="a">Biblioteca universitaria. Padova</subfield>
    <subfield code="1">PD0158</subfield>
    <subfield code="2">PUV 00</subfield>
  </datafield>
  <datafield tag="899" ind1=" " ind2=" ">
    <subfield code="a">Biblioteca comunale Augusta. Perugia</subfield>
    <subfield code="1">PG0109</subfield>
    <subfield code="2">UM1 01</subfield>
  </datafield>
  <datafield tag="899" ind1=" " ind2=" ">
    <subfield code="a">Biblioteca universitaria. Pisa</subfield>
    <subfield code="1">PI0112</subfield>
    <subfield code="2">PIS R1</subfield>
  </datafield>
  <datafield tag="899" ind1=" " ind2=" ">
    <subfield code="a">Biblioteca universitaria Alessandrina. Roma</subfield>
    <subfield code="1">RM0280</subfield>
    <subfield code="2">RML 01</subfield>
  </datafield>
  <datafield tag="899" ind1=" " ind2=" ">
    <subfield code="a">British Library. London</subfield>
    <subfield code="1">UK0001</subfield>
  </datafield>
  <datafield tag="899" ind1=" " ind2=" ">
    <subfield code="a">Biblioteca nazionale Marciana. Venezia</subfield>
    <subfield code="1">VE0049</subfield>
    <subfield code="2">VEA BM</subfield>
  </datafield>
  <datafield tag="911" ind1=" " ind2=" ">
    <subfield code="a">Sul front.</subfield>
    <subfield code="9">IT\ICCU\CNCM\000164</subfield>
  </datafield>
  <datafield tag="911" ind1=" " ind2=" ">
    <subfield code="a">In fine</subfield>
    <subfield code="9">IT\ICCU\CNCM\000089</subfield>
  </datafield>
  <datafield tag="921" ind1=" " ind2=" ">
    <subfield code="a">IT\ICCU\CNCM\000164</subfield>
    <subfield code="b">Giglio fiorentino. In basso iniziale F. In cornice figurata</subfield>
    <subfield code="c">Z655</subfield>
    <subfield code="d">Dimensioni: 4,7 x 6</subfield>
    <subfield code="f">F</subfield>
    <subfield code="f">GIGLIO</subfield>
    <subfield code="g">1563-1600</subfield>
  </datafield>
  <datafield tag="921" ind1=" " ind2=" ">
    <subfield code="a">IT\ICCU\CNCM\000089</subfield>
    <subfield code="b">Giglio fiorentino sorretto da due putti. Iniziale F in basso al centro. In cornice</subfield>
    <subfield code="e">Nil candidius.</subfield>
    <subfield code="c">A48</subfield>
    <subfield code="c">Z647</subfield>
    <subfield code="d">3,7x5,8</subfield>
    <subfield code="f">F</subfield>
    <subfield code="f">GIGLIO</subfield>
    <subfield code="f">NILCANDIDI</subfield>
    <subfield code="f">PUTTI</subfield>
    <subfield code="g">1522-1600</subfield>
  </datafield>
</record>
</collection>
